<record><leader>00000cas a22000007a 4500</leader><controlfield tag="001">700037971</controlfield><controlfield tag="008">110202c20119999mnuwr n       0   a0eng  </controlfield><controlfield tag="009">466</controlfield><datafield ind1=" " ind2=" " tag="010"><subfield code="a">  2011204339</subfield></datafield><datafield ind1=" " ind2=" " tag="040"><subfield code="a">DLC</subfield><subfield code="b">eng</subfield><subfield code="c">DLC</subfield><subfield code="d">OCLCF</subfield></datafield><datafield ind1=" " ind2=" " tag="012"><subfield code="m">1</subfield></datafield><datafield ind1="0" ind2=" " tag="022"><subfield code="a">2159-7111</subfield><subfield code="2">1</subfield></datafield><datafield ind1=" " ind2=" " tag="032"><subfield code="a">016170</subfield><subfield code="b">USPS</subfield></datafield><datafield ind1=" " ind2=" " tag="037"><subfield code="b">Star Publications, LLC, Albany Enterprise, 561 Railroad Ave., Albany, MN 56307</subfield></datafield><datafield ind1=" " ind2=" " tag="042"><subfield code="a">nsdp</subfield><subfield code="a">pcc</subfield></datafield><datafield ind1="1" ind2="0" tag="050"><subfield code="a">ISSN RECORD</subfield></datafield><datafield ind1="1" ind2="0" tag="082"><subfield code="a">051</subfield><subfield code="2">14</subfield></datafield><datafield ind1="0" ind2=" " tag="130"><subfield code="a">Albany enterprise (2011)</subfield></datafield><datafield ind1=" " ind2="0" tag="222"><subfield code="a">Albany enterprise</subfield></datafield><datafield ind1="1" ind2="0" tag="245"><subfield code="a">Albany enterprise.</subfield></datafield><datafield ind1=" " ind2=" " tag="260"><subfield code="a">Albany, MN :</subfield><subfield code="b">Star Publications, LLC</subfield></datafield><datafield ind1=" " ind2=" " tag="310"><subfield code="a">Weekly</subfield></datafield><datafield ind1="1" ind2=" " tag="362"><subfield code="a">Began with vol. 142, no. 1 (Jan. 5, 2011)?</subfield></datafield><datafield ind1=" " ind2=" " tag="588"><subfield code="a">Description based on vol. 142,no. 2 (Jan. 12, 2011) (surrogate); title from caption.</subfield></datafield><datafield ind1=" " ind2="0" tag="651"><subfield code="a">Albany (Minn.)</subfield><subfield code="v">Newspapers.</subfield></datafield><datafield ind1=" " ind2="7" tag="655"><subfield code="a">Newspapers.</subfield><subfield code="2">fast</subfield><subfield code="0">(OCoLC)fst01423814</subfield></datafield><datafield ind1=" " ind2="7" tag="651"><subfield code="a">Minnesota</subfield><subfield code="z">Albany.</subfield><subfield code="2">fast</subfield><subfield code="0">(OCoLC)fst01254486</subfield></datafield><datafield ind1=" " ind2=" " tag="752"><subfield code="a">United States</subfield><subfield code="b">Minnesota</subfield><subfield code="c">Stearns</subfield><subfield code="d">Albany.</subfield></datafield><datafield ind1="0" ind2="0" tag="780"><subfield code="t">Stearns Morrison enterprise</subfield><subfield code="w">(DLC)sn 89064444</subfield><subfield code="w">(OCoLC)20580175</subfield></datafield></record>